@article{ambrogio2023,
  author          = {Maria Bernardelli, Ambrogio  and  Milanesi, Simone and  Gualandi, Stefano and  Chuin Lau, Hoong  and   Yorke-Smith, Neil},
  journal         = {INFORMS Journal on Computing},
  number          = {??},
  title           = {{Multi-Objective Linear Ensembles for Robust and Sparse Training of Few-Bit Neural Networks}},
  volume          = {??},
  year            = {2023}
}

@inproceedings{Hubara2016,
 author = {Hubara, Itay and Courbariaux, Matthieu and Soudry, Daniel and El-Yaniv, Ran and Bengio, Yoshua},
 booktitle = {Advances in Neural Information Processing Systems},
 editor = {D. Lee and M. Sugiyama and U. Luxburg and I. Guyon and R. Garnett},
 pages = {},
 publisher = {Curran Associates, Inc.},
 title = {{Binarized Neural Networks}},
 url = {https://proceedings.neurips.cc/paper_files/paper/2016/file/d8330f857a17c53d217014ee776bfd50-Paper.pdf},
 volume = {29},
 year = {2016}
}

@article{LeCun2015, 
  author          = {LeCun, Yann and Bengio Yoshua and Hinton, Geoffrey},
  journal         = {Nature},
  number          = {7553},
  title           = {{Deep Learning}},
  volume          = {521},
  year            = {2015}
}

@article{thorbjarnason2023,
  author          = { Thorbjarnarson, Tómas and  Yorke-Smith, Neil},
  journal         = {PloS one},
  number          = {2},
  title           = {{Optimal Training of Integer-valued Neural Networks with Mixed Integer Programming}},
  volume          = {18},
  year            = {2023}
}

@article{icarte2019,
  author          = {Toro Icarte, Rodrigo and Illanes, León and P. Castro, Margarita and A. Cire, Andre and A. McIlraith, Sheila and Beck, J. Christopher},
  journal         = {International Conference on Principles and Practice of Constraint Programming},
  number          = {},
  title           = {{Training binarized neural networks using MIP and CP}},
  volume          = {11802},
  year            = {2019}
}

@techreport{patil2022,
  title       = "A Mixed-Integer Programming Approach to Training Dense Neural Networks",
  author      = "Patil, Vrishabh and Mintz, Yonatan",
  institution = "Cornell University Library",
  address     = "Cornell University",
  number      = "2331-8422",
  year        = 2022,
  month       = jun
}

@inproceedings{imagenet2012,
  title={{ImageNet Classification with Deep Convolutional Neural Networks}},
  author={Krizhevsky, Alex and Sutskever, Ilya and Hinton, Geoffrey E.},
  booktitle={Advances in Neural Information Processing Systems},
  editor={Pereira, F. and Burges, C. J. C. and Bottou, L. and Weinberger, K. Q.},
  volume={25},
  year={2012},
  organization={Curran Associates, Inc.}}

  @misc{goodfellow2014,
      title={{Generative Adversarial Networks}}, 
      author={Ian J. Goodfellow and Jean Pouget-Abadie and Mehdi Mirza and Bing Xu and David Warde-Farley and Sherjil Ozair and Aaron Courville and Yoshua Bengio},
      year={2014},
      eprint={1406.2661},
      archivePrefix={arXiv},
      primaryClass={stat.ML}}

  @misc{attention2017,
      title={{Attention Is All You Need}}, 
      author={Ashish Vaswani and Noam Shazeer and Niki Parmar and Jakob Uszkoreit and Llion Jones and Aidan N. Gomez and Lukasz Kaiser and Illia Polosukhin},
      year={2023},
      eprint={1706.03762},
      archivePrefix={arXiv},
      primaryClass={cs.CL}}

  @article{yuan2023,
   title={{A Comprehensive Review of Binary Neural Network}},
   volume={56},
   ISSN={1573-7462},
   url={http://dx.doi.org/10.1007/s10462-023-10464-w},
   DOI={10.1007/s10462-023-10464-w},
   number={11},
   journal={Artificial Intelligence Review},
   publisher={Springer Science and Business Media LLC},
   author={Yuan, Chunyu and Agaian, Sos S.},
   year={2023},
   month=mar, pages={12949–13013}}

   @article{ching2017,
  title={{Opportunities and Obstacles for Deep Learning in Biology and Medicine}},
  author={Ching, Travers and Himmelstein, Daniel S. and Beaulieu-Jones, Brett K. and Kalinin, Alexandr A. and Do, Brian T. and Way, Gregory P. and Ferrero, Enrico and Agapow, Paul-Michael and Zietz, Michael and Hoffman, Michael M. and Xie, Wei and Rosen, Gail L. and Lengerich, Benjamin J. and Israeli, Johnny and Lanchantin, Jack and Woloszynek, Stephen and Carpenter, Anne E. and Shrikumar, Avanti and Xu, Jinbo and Cofer, Evan M. and Lavender, Christopher A. and Turaga, Srinivas C. and Alexandari, Amr M. and Lu, Zhiyong and Harris, David J. and DeCaprio, Dave and Qi, Yanjun and Kundaje, Anshul and Peng, Yifan and Wiley, Laura K. and Segler, Marwin H.S. and Boca, Simina M. and Swamidass, S. Joshua and Huang, Austin and Gitter, Anthony and Greene, Casey S.},
  journal={Journal of the Royal Society Interface},
  volume={15},
  number={20170387},
  pages={1-47},
  year={2018},
  publisher={The Royal Society Publishing}}

  @misc{adult,
  author       = {Becker,Barry and Kohavi,Ronny},
  title        = {{Adult}},
  year         = {1996},
  howpublished = {UCI Machine Learning Repository},
  note         = {{DOI}: https://doi.org/10.24432/C5XW20}
}

```
